<record xmlns="http://www.loc.gov/MARC21/slim" xmlns:xsi="http://www.w3.org/2001/XMLSchema-instance" xsi:schemaLocation="http://www.loc.gov/MARC21/slim http://www.loc.gov/standards/marcxml/schema/MARC21slim.xsd"><leader>00037nz   2200037n  4500</leader><controlfield tag="001">DNB|102370923</controlfield><controlfield tag="003">DNB</controlfield><controlfield tag="005">20080405190625.0</controlfield><controlfield tag="008">920629n||aznnnabbn           | aaa    |c</controlfield><datafield ind1=" " ind2=" " tag="035"><subfield code="a">(DE-101)102370923</subfield></datafield><datafield ind1=" " ind2=" " tag="035"><subfield code="a">(DE-588a)102370923</subfield></datafield><datafield ind1=" " ind2=" " tag="040"><subfield code="a">DE-12</subfield><subfield code="b">ger</subfield><subfield code="c">DE-101</subfield><subfield code="e">rakwb</subfield><subfield code="d">9999</subfield></datafield><datafield ind1=" " ind2=" " tag="079"><subfield code="a">p</subfield><subfield code="q">f</subfield><subfield code="q">n</subfield><subfield code="t">12-PMA:Suppl.</subfield></datafield><datafield ind1="0" ind2=" " tag="100"><subfield code="a">Isidorus</subfield><subfield code="c">Scholasticus</subfield><subfield code="d">fl.6. Jh.</subfield></datafield><datafield ind1="0" ind2=" " tag="400"><subfield code="a">Isidorus</subfield><subfield code="c">Epigrammatricus</subfield><subfield code="d">fl.6. Jh.</subfield></datafield><datafield ind1="0" ind2=" " tag="400"><subfield code="a">Isidorus</subfield><subfield code="c">Bolbythiaeus</subfield><subfield code="d">fl.6. Jh.</subfield></datafield><datafield ind1="1" ind2=" " tag="400"><subfield code="a">Scholasticus, Isidorus</subfield><subfield code="d">fl.6. Jh.</subfield></datafield><datafield ind1=" " ind2=" " tag="549"><subfield code="w">i</subfield><subfield code="i">Zeit</subfield><subfield code="a">6. Jh.</subfield></datafield><datafield ind1=" " ind2=" " tag="996"><subfield code="2">BAV|ADV10166539</subfield></datafield><datafield ind1=" " ind2=" " tag="996"><subfield code="2">BAV|ADV10200072</subfield></datafield><datafield ind1=" " ind2=" " tag="996"><subfield code="2">BAV|ADV10143412</subfield></datafield><datafield ind1=" " ind2=" " tag="996"><subfield code="2">SWNL|vtls002083900</subfield></datafield><datafield ind1=" " ind2=" " tag="996"><subfield code="2">NLA|000035237568</subfield></datafield><datafield ind1=" " ind2=" " tag="996"><subfield code="2">LC|n  89616281</subfield></datafield><datafield ind1=" " ind2=" " tag="996"><subfield code="2">PICA|073657204</subfield></datafield><datafield ind1=" " ind2=" " tag="996"><subfield code="2">PTBNP|64842</subfield></datafield><datafield ind1=" " ind2=" " tag="996"><subfield code="2">PICA|069747083</subfield></datafield><datafield ind1=" " ind2=" " tag="996"><subfield code="2">LC|n  93069576</subfield></datafield><datafield ind1=" " ind2=" " tag="996"><subfield code="2">LC|n  80139470</subfield></datafield><datafield ind1=" " ind2=" " tag="996"><subfield code="2">RERO|vtls000091637</subfield></datafield><datafield ind1=" " ind2=" " tag="996"><subfield code="2">BNE|XX1720733</subfield></datafield><datafield ind1=" " ind2=" " tag="996"><subfield code="2">PICA|069230056</subfield></datafield><datafield ind1=" " ind2=" " tag="996"><subfield code="2">LC|nr 92022373</subfield></datafield><datafield ind1=" " ind2=" " tag="996"><subfield code="2">RERO|vtls000091638</subfield></datafield><datafield ind1=" " ind2=" " tag="996"><subfield code="2">RERO|vtls000091639</subfield></datafield><datafield ind1=" " ind2=" " tag="996"><subfield code="2">LC|nr 88011270</subfield></datafield><datafield ind1=" " ind2=" " tag="996"><subfield code="2">BAV|ADV11963037</subfield></datafield><datafield ind1=" " ind2=" " tag="997"><subfield code="a">500 0 flourished 0 0</subfield><subfield code="9">1</subfield></datafield></record>